# For citing RFCs, see https://tex.stackexchange.com/a/161413

@book{coat_science_plan,
    title = {Science plan for COAT: Climate-ecological Observatory for Arctic Tundra},
    editor = {Rolf A. Ims and Jane U. Jepsen and Audun Stien and Nigel G. Yoccoz},
    publisher = {The Fram Centre by the University of Troms√∏},
    year = 2013,
    isbn = {978-82-999253-0-3},
    url = {http://www.coat.no/Publications/COAT-Science-Plan},
    urldate = {2018-01-11},
}
